<?xml version="1.0" encoding="UTF-8"?><marc:collection xmlns:marc="http://www.loc.gov/MARC21/slim">
  <marc:record>
    <marc:leader>02400nam a22003613ia4500</marc:leader>
    <marc:controlfield tag="001">(BDRC)bdr:W29146</marc:controlfield>
    <marc:controlfield tag="006">m     o  d        </marc:controlfield>
    <marc:controlfield tag="007">cr |||||||||||</marc:controlfield>
    <marc:controlfield tag="008">210603s2002    cc |||||||||| 000 ||tibod</marc:controlfield>
    <marc:datafield tag="035" ind1=" " ind2=" ">
      <marc:subfield code="a">(BDRC)bdr:W29146</marc:subfield>
    </marc:datafield>
    <marc:datafield tag="040" ind1=" " ind2=" ">
      <marc:subfield code="a">NNC</marc:subfield>
      <marc:subfield code="b">eng</marc:subfield>
      <marc:subfield code="c">NNC</marc:subfield>
    </marc:datafield>
    <marc:datafield tag="066" ind1=" " ind2=" ">
      <marc:subfield code="c">Tibt</marc:subfield>
      <marc:subfield code="c">$1</marc:subfield>
    </marc:datafield>
    <marc:datafield tag="245" ind1="0" ind2="0">
      <marc:subfield code="6">880-01</marc:subfield>
      <marc:subfield code="a">Zang yi mai zhen xue /</marc:subfield>
      <marc:subfield code="c">Mgo log dung gces kyis brtsams.</marc:subfield>
    </marc:datafield>
    <marc:datafield tag="250" ind1=" " ind2=" ">
      <marc:subfield code="a">Par gzhi dang po.</marc:subfield>
    </marc:datafield>
    <marc:datafield tag="264" ind1=" " ind2="1">
      <marc:subfield code="a">Zi ling :</marc:subfield>
      <marc:subfield code="b">Mtsho sngon mi rigs dpe skrun khang,</marc:subfield>
      <marc:subfield code="c">2002.</marc:subfield>
    </marc:datafield>
    <marc:datafield tag="336" ind1=" " ind2=" ">
      <marc:subfield code="a">text</marc:subfield>
      <marc:subfield code="b">txt</marc:subfield>
      <marc:subfield code="2">rdacontent</marc:subfield>
    </marc:datafield>
    <marc:datafield tag="337" ind1=" " ind2=" ">
      <marc:subfield code="a">computer</marc:subfield>
      <marc:subfield code="b">c</marc:subfield>
      <marc:subfield code="2">rdamedia</marc:subfield>
    </marc:datafield>
    <marc:datafield tag="338" ind1=" " ind2=" ">
      <marc:subfield code="a">online resource</marc:subfield>
      <marc:subfield code="b">cr</marc:subfield>
      <marc:subfield code="2">rdacarrier</marc:subfield>
    </marc:datafield>
    <marc:datafield tag="546" ind1=" " ind2=" ">
      <marc:subfield code="a">In Tibetan;</marc:subfield>
      <marc:subfield code="b">Tibetan Script script.</marc:subfield>
    </marc:datafield>
    <marc:datafield tag="506" ind1="1" ind2=" ">
      <marc:subfield code="a">Access restricted to a few sample pages.</marc:subfield>
      <marc:subfield code="f">Preview only</marc:subfield>
      <marc:subfield code="2">star</marc:subfield>
    </marc:datafield>
    <marc:datafield tag="520" ind1=" " ind2=" ">
      <marc:subfield code="a">Commentary on rtsa mdo a section of phyi ma rgyud one of the four medical Tantras.</marc:subfield>
    </marc:datafield>
    <marc:datafield tag="533" ind1=" " ind2=" ">
      <marc:subfield code="a">Electronic reproduction.</marc:subfield>
      <marc:subfield code="b">Cambridge, Mass. :</marc:subfield>
      <marc:subfield code="c">Buddhist Digital Resource Center.</marc:subfield>
      <marc:subfield code="n">Available via World Wide Web.</marc:subfield>
    </marc:datafield>
    <marc:datafield tag="588" ind1=" " ind2=" ">
      <marc:subfield code="a">Description based on online resource (BDRC, viewed June 3, 2021)</marc:subfield>
    </marc:datafield>
    <marc:datafield tag="653" ind1=" " ind2=" ">
      <marc:subfield code="a">Rgyud bzhi</marc:subfield>
    </marc:datafield>
    <marc:datafield tag="710" ind1="2" ind2=" ">
      <marc:subfield code="a">Buddhist Digital Resource Center.</marc:subfield>
    </marc:datafield>
    <marc:datafield tag="720" ind1="1" ind2=" ">
      <marc:subfield code="6">880-02</marc:subfield>
      <marc:subfield code="a">Dung gces, 1959-</marc:subfield>
      <marc:subfield code="e">author.</marc:subfield>
    </marc:datafield>
    <marc:datafield tag="856" ind1="4" ind2="0">
      <marc:subfield code="u">http://purl.bdrc.io/resource/W29146</marc:subfield>
      <marc:subfield code="z">Available from BDRC</marc:subfield>
    </marc:datafield>
    <marc:datafield tag="880" ind1="0" ind2="0">
      <marc:subfield code="6">245-01</marc:subfield>
      <marc:subfield code="a">藏医脉诊学 / </marc:subfield>
      <marc:subfield code="c">མགོ་ལོག་དུང་གཅེས་ཀྱིས་བརྩམས།.</marc:subfield>
    </marc:datafield>
    <marc:datafield tag="880" ind1="1" ind2=" ">
      <marc:subfield code="6">720-02</marc:subfield>
      <marc:subfield code="a">དུང་གཅེས།, 1959-</marc:subfield>
      <marc:subfield code="e">author.</marc:subfield>
    </marc:datafield>
  </marc:record>
</marc:collection>
